@inproceedings{emotional:shit,
author = {Koolagudi, Shashidhar and Nandy, Sourav and Sreenivasa Rao, K},
year = {2009},
month = {04},
pages = {1292 - 1296},
title = {Spectral Features for Emotion Classification},
doi = {10.1109/IADCC.2009.4809202}
}

@book{talev,
author = {Димитър Талев},
year = {1966},
title = {Гласовете ви чувам},
}

@book{rabiner_schafer,
author = {Lawrence Rabiner, Ronald W. Schafer},
year = {1978},
title = {Digital processing of speech signals / Lawrence R. Rabiner, Ronald W. Shafer},
}